<record><leader>00000cas a22000007a 4500</leader><controlfield tag="001">9485134</controlfield><controlfield tag="008">830506d19071924aluwr ne      0    0eng d</controlfield><datafield ind1=" " ind2=" " tag="010"><subfield code="a">sn 85044976 </subfield></datafield><datafield ind1=" " ind2=" " tag="040"><subfield code="a">ANO</subfield><subfield code="b">eng</subfield><subfield code="c">ANO</subfield><subfield code="d">CPN</subfield><subfield code="d">DLC</subfield><subfield code="d">CPN</subfield><subfield code="d">OCLCQ</subfield></datafield><datafield ind1=" " ind2=" " tag="042"><subfield code="a">msc</subfield></datafield><datafield ind1="0" ind2="0" tag="245"><subfield code="a">Alabamian-dispatch.</subfield></datafield><datafield ind1=" " ind2=" " tag="260"><subfield code="a">Tuscumbia, Ala. :</subfield><subfield code="b">John W. Davis,</subfield><subfield code="c">1907-</subfield></datafield><datafield ind1=" " ind2=" " tag="300"><subfield code="a">v. :</subfield><subfield code="b">ill. ;</subfield><subfield code="c">56 cm.</subfield></datafield><datafield ind1="0" ind2=" " tag="362"><subfield code="a">Alabamian ser. vol. 75, no. 41 (Aug. 1, 1907) = Dispatch ser. v. 12, no. 4-</subfield></datafield><datafield ind1="1" ind2=" " tag="362"><subfield code="a">Ceased in 1924.</subfield></datafield><datafield ind1=" " ind2=" " tag="580"><subfield code="a">Formed by the union of North Alabamian (Tuscumbia, Ala. : 1904), and Tuscumbia dispatch.</subfield></datafield><datafield ind1=" " ind2=" " tag="752"><subfield code="a">United States</subfield><subfield code="b">Alabama</subfield><subfield code="c">Colbert</subfield><subfield code="d">Tuscumbia.</subfield></datafield><datafield ind1="1" ind2="4" tag="780"><subfield code="t">North Alabamian (Tuscumbia, Ala. : 1904)</subfield><subfield code="w">(DLC)sn 85044975</subfield></datafield><datafield ind1="1" ind2="4" tag="780"><subfield code="t">Tuscumbia dispatch</subfield><subfield code="w">(DLC)sn 85045003</subfield></datafield><datafield ind1="0" ind2="0" tag="785"><subfield code="t">Tuscumbia times</subfield><subfield code="w">(DLC)sn 85044977</subfield></datafield></record>